@misc{em,
author = {Aarti Singh},
title = {EM Algorithm},
howpublished = {https://www.cs.cmu.edu/~epxing/Class/10701-10s/Lecture/lecture10.pdf},
year = {2010}, 
note = "[Online; accessed 20-January-2019]"
}

@misc{wiki:jensen,
author = "{Wikipedia contributors}",
title = "Jensen's inequality --- {Wikipedia}{,} The Free Encyclopedia",
year = "2018",
url = "https://en.wikipedia.org/w/index.php?title=Jensen%27s_inequality&oldid=866297744",
note = "[Online; accessed 20-January-2019]"
}

@misc{wiki:kl,
author = "{Wikipedia contributors}",
title = "Kullbackâ€“Leibler divergence --- {Wikipedia}{,} The Free Encyclopedia",
year = "2019",
url = "https://en.wikipedia.org/w/index.php?title=Kullback%E2%80%93Leibler_divergence&oldid=878012603",
note = "[Online; accessed 20-January-2019]"
}