@misc{jensen,
author = "{Wikipedia contributors}",
title = "Jensen's inequality --- {Wikipedia}{,} The Free Encyclopedia",
year = "2018",
howpublished = "\url{https://en.wikipedia.org/w/index.php?title=Jensen%27s_inequality&oldid=866297744}",
note = "[Online; accessed 21-January-2019]"
}